@article{aron2009mandelbulb,
  title={The mandelbulb: first ‘true’3D image of famous fractal},
  author={Aron, Jacob},
  journal={New Scientist},
  volume={204},
  number={3736},
  pages={54--55},
  year={2009},
  publisher={Reed Business Information}
}
