@article{aron2009mandelbulb,
  title={The mandelbulb: first ‘true’3D image of famous fractal},
  author={Aron, Jacob},
  journal={New Scientist},
  volume={204},
  number={3736},
  pages={54--55},
  year={2009},
  publisher={Reed Business Information}
}

@article{lei1990similarity,
  title={Similarity between the Mandelbrot set and Julia sets},
  author={Lei, Tan},
  journal={Communications in mathematical physics},
  volume={134},
  number={3},
  pages={587--617},
  year={1990},
  publisher={Springer}
}
